@article{sugiyama2017graphkernels,
  title={graphkernels: R and Python packages for graph comparison},
  author={Sugiyama, Mahito and Ghisu, M Elisabetta and Llinares-L{\'o}pez, Felipe and Borgwardt, Karsten},
  journal={Bioinformatics},
  volume={34},
  number={3},
  pages={530--532},
  year={2017}
}

@unpublished{borgwardt2007,
           month = {07},
           title = {Graph Kernels},
            year = {2007},
       publisher = {Ludwig-Maximilians-Universit{\"a}t M{\"u}nchen},
          author = {Karsten Michael Borgwardt},
        keywords = {Graph Kernels, Graph Comparison, Kernel Methods, Feature Selection, Two-Sample-Test},
        url = {http://nbn-resolving.de/urn:nbn:de:bvb:19-71691}
}


@article{Aronszajn1950,
 ISSN = {00029947},
 URL = {http://www.jstor.org/stable/1990404},
 author = {N. Aronszajn},
 journal = {Transactions of the American Mathematical Society},
 number = {3},
 pages = {337--404},
 publisher = {American Mathematical Society},
 title = {Theory of Reproducing Kernels},
 volume = {68},
 year = {1950}
}

@book{ScholkopfSmolaLK,
 author = {Scholkopf, Bernhard and Smola, Alexander J.},
 title = {Learning with Kernels: Support Vector Machines, Regularization, Optimization, and Beyond},
 year = {2001},
 isbn = {0262194759},
 publisher = {MIT Press},
 address = {Cambridge, MA, USA},
}

@article{GartnerSKSD,
 author = {G\"{a}rtner, Thomas},
 title = {A Survey of Kernels for Structured Data},
 journal = {SIGKDD Explor. Newsl.},
 issue_date = {July 2003},
 volume = {5},
 number = {1},
 month = {07},
 year = {2003},
 issn = {1931-0145},
 pages = {49--58},
 numpages = {10},
 url = {http://doi.acm.org/10.1145/959242.959248},
 doi = {10.1145/959242.959248},
 acmid = {959248},
 publisher = {ACM},
 address = {New York, NY, USA},
 keywords = {inductive logic programming, kernel methods, multi-relational data mining, structured data},
}

@inproceedings{ScholkopfGRT,
 author = {Sch\"{o}lkopf, Bernhard and Herbrich, Ralf and Smola, Alex J.},
 title = {A Generalized Representer Theorem},
 booktitle = {Proceedings of the 14th Annual Conference on Computational Learning Theory and and 5th European Conference on Computational Learning Theory},
 series = {COLT '01/EuroCOLT '01},
 year = {2001},
 isbn = {3-540-42343-5},
 pages = {416--426},
 numpages = {11},
 url = {http://dl.acm.org/citation.cfm?id=648300.755324},
 acmid = {755324},
 publisher = {Springer-Verlag},
 address = {London, UK, UK},
}

@inproceedings{Aizerman67theoretical,
  added-at = {2006-09-08T00:59:05.000+0200},
  author = {Aizerman, M. A. and Braverman, E. A. and Rozonoer, L.},
  biburl = {https://www.bibsonomy.org/bibtex/22d5200f2631a82c1ccb33db90ee38d10/naufraghi},
  booktitle = {Automation and Remote Control,},
  interhash = {4848b39ce0f837dc7b429b700526c5b1},
  intrahash = {2d5200f2631a82c1ccb33db90ee38d10},
  keywords = {MachineLearning intelligenza-artificiale AI svm},
  number = 25,
  pages = {821-837},
  series = {Automation and Remote Control,},
  timestamp = {2006-09-08T00:59:05.000+0200},
  title = { Theoretical foundations of the potential function method in pattern recognition learning.},
  year = 1964
}

@inproceedings{Boser1992,
 author = {Boser, Bernhard E. and Guyon, Isabelle M. and Vapnik, Vladimir N.},
 title = {A Training Algorithm for Optimal Margin Classifiers},
 booktitle = {Proceedings of the Fifth Annual Workshop on Computational Learning Theory},
 series = {COLT '92},
 year = {1992},
 isbn = {0-89791-497-X},
 location = {Pittsburgh, Pennsylvania, USA},
 pages = {144--152},
 numpages = {9},
 url = {http://doi.acm.org/10.1145/130385.130401},
 doi = {10.1145/130385.130401},
 acmid = {130401},
 publisher = {ACM},
 address = {New York, NY, USA},
} 

@article{vapnik1963,
	author = {Vapnik, V and Lerner, A},
	title = {Pattern Recognition using Generalized Portrait Method},
	year = {1963},
	journal = {Automation and Remote Control},
	volume = {24}
}

@book{Boyd2004,
 author = {Boyd, Stephen and Vandenberghe, Lieven},
 title = {Convex Optimization},
 year = {2004},
 isbn = {0521833787},
 publisher = {Cambridge University Press},
 address = {New York, NY, USA},
} 

@article{KEGG,
author = {Kanehisa, Minoru and Goto, Susumu},
title = {KEGG: Kyoto Encyclopedia of Genes and Genomes},
journal = {Nucleic Acids Research},
volume = {28},
number = {1},
pages = {27-30},
year = {2000},
doi = {10.1093/nar/28.1.27},
}

@article{Genesys,
title = "Genesys: Kinetic model construction using chemo-informatics",
journal = "Chemical Engineering Journal",
volume = "207-208",
pages = "526 - 538",
year = "2012",
note = "22nd International Symposium on Chemical Reaction Engineering (ISCRE 22)",
issn = "1385-8947",
doi = "https://doi.org/10.1016/j.cej.2012.07.014",
url = "http://www.sciencedirect.com/science/article/pii/S1385894712009059",
author = "Nick M. Vandewiele and Kevin M. Van Geem and Marie-Françoise Reyniers and Guy B. Marin",
keywords = "Kinetic model, Reaction network generation, Chemo-informatics"
}
@article{Hattori2003,
author = {Hattori, Masahiro and Okuno, Yasushi and Goto, Susumu and Kanehisa, Minoru},
title = {Development of a Chemical Structure Comparison Method for Integrated Analysis of Chemical and Genomic Information in the Metabolic Pathways},
journal = {Journal of the American Chemical Society},
volume = {125},
number = {39},
pages = {11853-11865},
year = {2003},
doi = {10.1021/ja036030u},
note ={PMID: 14505407},

}
@article {Davidson1669,
	author = {Davidson, Eric H. and Rast, Jonathan P. and Oliveri, Paola and Ransick, Andrew and Calestani, Cristina and Yuh, Chiou-Hwa and Minokawa, Takuya and Amore, Gabriele and Hinman, Veronica and Arenas-Mena, C{\'e}sar and Otim, Ochan and Brown, C. Titus and Livi, Carolina B. and Lee, Pei Yun and Revilla, Roger and Rust, Alistair G. and Pan, Zheng jun and Schilstra, Maria J. and Clarke, Peter J. C. and Arnone, Maria I. and Rowen, Lee and Cameron, R. Andrew and McClay, David R. and Hood, Leroy and Bolouri, Hamid},
	title = {A Genomic Regulatory Network for Development},
	volume = {295},
	number = {5560},
	pages = {1669--1678},
	year = {2002},
	doi = {10.1126/science.1069883},
	publisher = {American Association for the Advancement of Science},
	issn = {0036-8075},
	journal = {Science}
}

@article{Bennet2002,
author = {Bennett, Kristin and Mangasarian, O.L.},
year = {2002},
month = {01},
title = {Robust Linear Programming Discrimination Of Two Linearly Inseparable Sets},
volume = {1},
booktitle = {Optimization Methods and Software}
}

@Article{Cortes1995,
author="Cortes, Corinna
and Vapnik, Vladimir",
title="Support-Vector Networks",
journal="Machine Learning",
year="1995",
month="11",
day="01",
volume="20",
number="3",
pages="273--297",
issn="1573-0565",
doi="10.1023/A:1022627411411",
url="https://doi.org/10.1023/A:1022627411411"
}

@INPROCEEDINGS{Gartner03ongraph,
    author = {Thomas Gärtner and Peter Flach and Stefan Wrobel},
    title = { On graph kernels: Hardness results and efficient alternatives},
    booktitle = {IN: CONFERENCE ON LEARNING THEORY},
    year = {2003},
    pages = {129--143}
}

@inproceedings{Haussler1999ConvolutionKO,
  title={Convolution Kernels on Discrete Structures},
  author={David Haussler},
  year={1999}
}

@inproceedings{gartner2003graph,
  title={{On Graph Kernels: Hardness Results and Efficient Alternatives}},
  author={G{\"a}rtner, T. and Flach, P. and Wrobel, S.},
  booktitle={Learning Theory and Kernel Machines},
  pages={129--143},
  year={2003}
}

@inproceedings{shervashidze2009efficient,
  title={{Efficient Graphlet Kernels for Large Graph Comparison}},
  author={Shervashidze, N. and Petri, T. and Mehlhorn, K. and Borgwardt, K. M. and Vishwanathan, S.},
  booktitle={Proceedings of the International Conference on Artificial Intelligence and Statistics},
  pages={488--495},
  year={2009}
}

@inproceedings{borgwardt2005shortest,
  title={Shortest-path kernels on graphs},
  author={Borgwardt, K. M. and Kriegel, H.},
  booktitle={Proceedings of the 5th International Conference on Data Mining},
  pages={74--81},
  year={2005}
}

@article{borgwardt2005protein,
  title={Protein function prediction via graph kernels},
  author={Borgwardt, Karsten M and Ong, Cheng Soon and Sch{\"o}nauer, Stefan and Vishwanathan, SVN and Smola, Alex J and Kriegel, Hans-Peter},
  journal={Bioinformatics},
  volume={21},
  number={suppl 1},
  pages={i47--i56},
  year={2005}
}

@article{shervashidze2011weisfeiler,
  title={{Weisfeiler-Lehman Graph Kernels}},
  author={Shervashidze, N. and Schweitzer, P. and Van Leeuwen, E. J. and Mehlhorn, K. and Borgwardt, K. M.},
  journal={The Journal of Machine Learning Research},
  volume={12},
  pages={2539--2561},
  year={2011}
}

@article{mahe2009graph,
  title={Graph kernels based on tree patterns for molecules},
  author={Mah{\'e}, P. and Vert, J.},
  journal={Machine learning},
  volume={75},
  number={1},
  pages={3--35},
  year={2009}
}

@inproceedings{kashima2003marginalized,
  title={{Marginalized Kernels Between Labeled Graphs}},
  author={Kashima, H. and Tsuda, K. and Inokuchi, A.},
  booktitle={Proceedings of the 20th Conference in Machine Learning},
  pages={321--328},
  year={2003}
}

@inproceedings{mahe2004extensions,
  title={Extensions of marginalized graph kernels},
  author={Mah{\'e}, Pierre and Ueda, Nobuhisa and Akutsu, Tatsuya and Perret, Jean-Luc and Vert, Jean-Philippe},
  booktitle={Proceedings of the 21st International Conference on Machine Learning},
  pages={70},
  year={2004}
}

@article{vishwanathan2010graph,
 author = {Vishwanathan, S. V. N. and Schraudolph, Nicol N. and Kondor, Risi and Borgwardt, Karsten M.},
 title = {{Graph Kernels}},
 journal = {The Journal of Machine Learning Research},
 volume = {11},
 pages = {1201--1242},
 year = {2010}
}

@article{prvzulj2007biological,
  title={Biological network comparison using graphlet degree distribution},
  author={Pr{\v{z}}ulj, Nata{\v{s}}a},
  journal={Bioinformatics},
  volume={23},
  number={2},
  pages={e177--e183},
  year={2007}
}


@inproceedings{sugiyama2015halting,
  title={{Halting in Random Walk Kernels}},
  author={Sugiyama, Mahito and Borgwardt, Karsten},
  booktitle={Advances in Neural Information Processing Systems},
  pages={1639--1647},
  year={2015}
}

@article{weissman2003inequalities,
  title={Inequalities for the $L_1$ deviation of the empirical distribution},
  author={Weissman, Tsachy and Ordentlich, Erik and Seroussi, Gadiel and Verdu, Sergio and Weinberger, Marcelo J},
  journal={Hewlett-Packard Labs, Tech. Rep},
  year={2003}
}

@article{weisfeiler1968reduction,
  title={A reduction of a graph to a canonical form and an algebra arising during this reduction},
  author={Weisfeiler, Boris and Lehman, AA},
  journal={Nauchno-Technicheskaya Informatsia},
  volume={2},
  number={9},
  pages={12--16},
  year={1968}
}

@article{grauman2007pyramid,
  title={{The Pyramid Match Kernel: Efficient Learning with Sets of Features}},
  author={Grauman, Kristen and Darrell, Trevor},
  journal={The Journal of Machine Learning Research},
  volume={8},
  pages={725--760},
  year={2007}
}

@inproceedings{lazebnik2006beyond,
  title={{Beyond Bags of Features: Spatial Pyramid Matching for Recognizing Natural Scene Categories}},
  author={Lazebnik, Svetlana and Schmid, Cordelia and Ponce, Jean},
  booktitle={Proceedings of the 2006 Conference on Computer Vision and Pattern Recognition},
  volume={2},
  pages={2169--2178},
  year={2006}
}

@inproceedings{nikolentzos2017matching,
  title={Matching Node Embeddings for Graph Similarity.},
  author={Nikolentzos, Giannis and Meladianos, Polykarpos and Vazirgiannis, Michalis},
  booktitle={Proceedings of the 31st AAAI Conference on Artificial Intelligence},
  pages={2429--2435},
  year={2017}
}

@inproceedings{johansson2014global,
  title={Global graph kernels using geometric embeddings},
  author={Johansson, Fredrik and Jethava, Vinay and Dubhashi, Devdatt and Bhattacharyya, Chiranjib},
  booktitle={Proceedings of the 31st International Conference on Machine Learning},
  pages={694--702},
  year={2014}
}

@article{lovasz1979shannon,
  title={On the Shannon capacity of a graph},
  author={Lov{\'a}sz, L{\'a}szl{\'o}},
  journal={IEEE Transactions on Information Theory},
  volume={25},
  number={1},
  pages={1--7},
  year={1979}
}

@article{jethava2013lovasz,
  title={{Lov{\'a}sz $\vartheta$ function, SVMs and Finding Dense Subgraphs}},
  author={Jethava, Vinay and Martinsson, Anders and Bhattacharyya, Chiranjib and Dubhashi, Devdatt},
  journal={The Journal of Machine Learning Research},
  volume={14},
  number={1},
  pages={3495--3536},
  year={2013}
}

@inproceedings{kondor2016multiscale,
  title={{The Multiscale Laplacian Graph Kernel}},
  author={Kondor, Risi and Pan, Horace},
  booktitle={Advances in Neural Information Processing Systems},
  pages={2990--2998},
  year={2016}
}

@inproceedings{williams2001using,
  title={{Using the Nystr{\"o}m Method to Speed Up Kernel Machines}},
  author={Williams, Christopher KI and Seeger, Matthias},
  booktitle={Advances in Neural Information Processing Systems},
  pages={682--688},
  year={2001}
}

@article{alvarez2006large,
  title={{Large scale networks fingerprinting and visualization using the k-core decomposition}},
  author={Alvarez-Hamelin, I. and Dall'Asta, L. and Barrat, A. and Vespignani, A.},
  journal={Advances in Neural Information Processing Systems},
  volume={18},
  pages={41--50},
  year={2006}
}

@article{wuchty2005peeling,
  title={{Peeling the yeast protein network}},
  author={Wuchty, S. and Almaas, E.},
  journal={Proteomics},
  volume={5},
  number={2},
  pages={444--449},
  year={2005}
}

@inproceedings{giatsidis2014corecluster,
  title={{CORECLUSTER: A Degeneracy Based Graph Clustering Framework}},
  author={Giatsidis, C. and Malliaros, F. and Thilikos, D. and Vazirgiannis, M.},
  booktitle={Proceedings of the 28th AAAI Conference on Artificial Intelligence},
  pages={44--50},
  year={2014}
}

@article{seidman1983network,
  title={{Network Structure and Minimum Degree}},
  author={Seidman, S.},
  journal={Social networks},
  volume={5},
  number={3},
  pages={269--287},
  year={1983}
}

@article{matula1983smallest,
  title={{Smallest-last Ordering and Clustering and Graph Coloring Algorithms}},
  author={Matula, D. and Beck, L.},
  journal={Journal of the ACM},
  volume={30},
  number={3},
  pages={417--427},
  year={1983}
}

@article{batagelj2011fast,
  title={Fast algorithms for determining (generalized) core groups in social networks},
  author={Batagelj, V. and Zaver{\v{s}}nik, M.},
  journal={Advances in Data Analysis and Classification},
  volume={5},
  number={2},
  pages={129--145},
  year={2011}
}

@inproceedings{nikolentzos2018,
  title={{A Degeneracy Framework for Graph Similarity}},
  author={Nikolentzos, G. and Meladianos, P. and Limnios, S. and Vazirgiannis, M.},
  booktitle={Proceedings of the 27th International Joint Conference on Artificial Intelligence},
  year={2018}
}

@inproceedings{costa2010fast,
  title={{Fast Neighborhood Subgraph Pairwise Distance Kernel}},
  author={Costa, Fabrizio and De Grave, Kurt},
  booktitle={Proceedings of the 26th International Conference on Machine Learning},
  pages={255--262},
  year={2010}
}

@inproceedings{Martino2012ATK,
  title={A Tree-Based Kernel for Graphs},
  author={Giovanni Da San Martino and Nicol{\`o} Navarin and Alessandro Sperduti},
  booktitle={SDM},
  year={2012}
}

@INPROCEEDINGS{Martino2006, 
author={F. Aiolli and G. D. San Martino and A. Sperduti and A. Moschitti}, 
booktitle={Sixth International Conference on Data Mining (ICDM'06)}, 
title={Fast On-line Kernel Learning for Trees}, 
year={2006}, 
pages={787-791}, 
keywords={directed graphs;mathematics computing;support vector machines;trees (mathematics);DAG;PropBank data;complex learning algorithms;kernel methods;minimal direct acyclic graphs;online kernel learning;perceptron algorithm;structured objects;support vector machines;Bioinformatics;Classification tree analysis;Data mining;Kernel;Natural language processing;Phylogeny;Proteins;Support vector machines;Tree graphs;XML}, 
doi={10.1109/ICDM.2006.69}, 
ISSN={1550-4786}, 
month={12},}

@inproceedings{STKernel,
 author = {Vishwanathan, S. V. N. and Smola, Alexander J.},
 title = {Fast Kernels for String and Tree Matching},
 booktitle = {Proceedings of the 15th International Conference on Neural Information Processing Systems},
 series = {NIPS'02},
 year = {2002},
 pages = {585--592},
 numpages = {8},
 url = {http://dl.acm.org/citation.cfm?id=2968618.2968691},
 acmid = {2968691},
 publisher = {MIT Press},
 address = {Cambridge, MA, USA},
} 

@article{Neumann2016,
 author = {Neumann, Marion and Garnett, Roman and Bauckhage, Christian and Kersting, Kristian},
 title = {Propagation Kernels: Efficient Graph Kernels from Propagated Information},
 journal = {Mach. Learn.},
 issue_date = {February  2016},
 volume = {102},
 number = {2},
 month = {02},
 year = {2016},
 issn = {0885-6125},
 pages = {209--245},
 numpages = {37},
 url = {http://dx.doi.org/10.1007/s10994-015-5517-9},
 doi = {10.1007/s10994-015-5517-9},
 acmid = {2887323},
 publisher = {Kluwer Academic Publishers},
 address = {Hingham, MA, USA},
 keywords = {Convolutions, Graph kernels, Learning with graphs, Locality sensitive hashing, Random walks},
} 

@inproceedings{Kataoka,
 author = {Kataoka, Tetsuya and Inokuchi, Akihiro},
 title = {Hadamard Code Graph Kernels for Classifying Graphs},
 booktitle = {Proceedings of the 5th International Conference on Pattern Recognition Applications and Methods},
 series = {ICPRAM 2016},
 year = {2016},
 isbn = {978-989-758-173-1},
 location = {Rome, Italy},
 pages = {24--32},
 numpages = {9},
 url = {http://dx.doi.org/10.5220/0005634700240032},
 doi = {10.5220/0005634700240032},
 acmid = {2982638},
 publisher = {SCITEPRESS - Science and Technology Publications, Lda},
 address = {Portugal},
 keywords = {Graph Classification, Graph Kernel, Hadamard Code., Support Vector Machine},
} 

@INPROCEEDINGS{Bai12, 
author={L. Bai and E. R. Hancock and P. Ren}, 
booktitle={Proceedings of the 21st International Conference on Pattern Recognition (ICPR2012)}, 
title={Jensen-Shannon graph kernel using information functionals}, 
year={2012}, 
pages={2877-2880}, 
keywords={entropy;graph theory;pattern clustering;Jensen-Shannon graph kernel;bioinformatics;graph clustering;information functional;object recognition;product graph;separate graph;von Neumann entropy;Accuracy;Biochemistry;Entropy;Hafnium;Kernel;Runtime;Support vector machines}, 
ISSN={1051-4651}, 
month={11},}

@INPROCEEDINGS{Ramon03expressivityversus,
    author = {Jan Ramon and Thomas Gärtner},
    title = {Expressivity versus efficiency of graph kernels},
    booktitle = {Proceedings of the First International Workshop on Mining Graphs, Trees and Sequences},
    year = {2003},
    pages = {65--74}
}
@inproceedings{Horvath2004,
 author = {Horv\'{a}th, Tam\'{a}s and G\"{a}rtner, Thomas and Wrobel, Stefan},
 title = {Cyclic Pattern Kernels for Predictive Graph Mining},
 booktitle = {Proceedings of the Tenth ACM SIGKDD International Conference on Knowledge Discovery and Data Mining},
 series = {KDD '04},
 year = {2004},
 isbn = {1-58113-888-1},
 location = {Seattle, WA, USA},
 pages = {158--167},
 numpages = {10},
 url = {http://doi.acm.org/10.1145/1014052.1014072},
 doi = {10.1145/1014052.1014072},
 acmid = {1014072},
 publisher = {ACM},
 address = {New York, NY, USA},
 keywords = {computational chemistry, graph mining, kernel methods},
} 

@inproceedings{Borgwardt2005,
 author = {Borgwardt, Karsten M. and Kriegel, Hans-Peter},
 title = {Shortest-Path Kernels on Graphs},
 booktitle = {Proceedings of the Fifth IEEE International Conference on Data Mining},
 series = {ICDM '05},
 year = {2005},
 isbn = {0-7695-2278-5},
 pages = {74--81},
 numpages = {8},
 url = {http://dx.doi.org/10.1109/ICDM.2005.132},
 doi = {10.1109/ICDM.2005.132},
 acmid = {1106333},
 publisher = {IEEE Computer Society},
 address = {Washington, DC, USA},
}

@article{Giscard2017,
  author    = {Pierre{-}Louis Giscard and
               Richard C. Wilson},
  title     = {The All-Paths and Cycles Graph Kernel},
  journal   = {CoRR},
  volume    = {abs/1708.01410},
  year      = {2017},
  url       = {http://arxiv.org/abs/1708.01410},
  archivePrefix = {arXiv},
  eprint    = {1708.01410},
  timestamp = {Thu, 07 Jun 2018 10:06:28 +0200},
  biburl    = {https://dblp.org/rec/bib/journals/corr/abs-1708-01410},
  bibsource = {dblp computer science bibliography, https://dblp.org}
}

@inproceedings{Costa2010,
 author = {Costa, Fabrizio and Grave, Kurt De},
 title = {Fast Neighborhood Subgraph Pairwise Distance Kernel},
 booktitle = {Proceedings of the 27th International Conference on International Conference on Machine Learning},
 series = {ICML'10},
 year = {2010},
 isbn = {978-1-60558-907-7},
 location = {Haifa, Israel},
 pages = {255--262},
 numpages = {8},
 url = {http://dl.acm.org/citation.cfm?id=3104322.3104356},
 acmid = {3104356},
 publisher = {Omnipress},
 address = {USA},
} 

@INPROCEEDINGS{Hido2009, 
author={S. Hido and H. Kashima}, 
booktitle={2009 Ninth IEEE International Conference on Data Mining}, 
title={A Linear-Time Graph Kernel}, 
year={2009}, 
pages={179-188}, 
keywords={computational complexity;data mining;graph theory;benchmark data sets;binary arrays;graph-structured data;knowledge discovery;linear time complexity;linear-time graph kernel;logical operations;Chemical compounds;Computational efficiency;Data mining;Informatics;Kernel;Logic arrays;Machine learning;Polynomials;Scalability;Time measurement}, 
doi={10.1109/ICDM.2009.30}, 
ISSN={1550-4786}, 
month={12},}

@inproceedings{Kriege2012SubgraphMK,
  title={Subgraph Matching Kernels for Attributed Graphs},
  author={Nils Kriege and Petra Mutzel},
  booktitle={ICML},
  year={2012}
}

@Article{Mahe2009,
author="Mahe, Pierre
and Vert, Jean-Philippe",
title="Graph kernels based on tree patterns for molecules",
journal="Machine Learning",
year="2009",
month="04",
day="01",
volume="75",
number="1",
pages="3--35",
issn="1573-0565",
doi="10.1007/s10994-008-5086-2",
url="https://doi.org/10.1007/s10994-008-5086-2"
}

@inproceedings{Bach2008,
 author = {Bach, Francis R.},
 title = {Graph Kernels Between Point Clouds},
 booktitle = {Proceedings of the 25th International Conference on Machine Learning},
 series = {ICML '08},
 year = {2008},
 isbn = {978-1-60558-205-4},
 location = {Helsinki, Finland},
 pages = {25--32},
 numpages = {8},
 url = {http://doi.acm.org/10.1145/1390156.1390160},
 doi = {10.1145/1390156.1390160},
 acmid = {1390160},
 publisher = {ACM},
 address = {New York, NY, USA},
} 

@article{Morris16,
  author    = {Christopher Morris and
               Nils M. Kriege and
               Kristian Kersting and
               Petra Mutzel},
  title     = {Faster Kernels for Graphs with Continuous Attributes via Hashing},
  journal   = {CoRR},
  volume    = {abs/1610.00064},
  year      = {2016},
  url       = {http://arxiv.org/abs/1610.00064},
  archivePrefix = {arXiv},
  eprint    = {1610.00064},
  timestamp = {Wed, 07 Jun 2017 14:42:22 +0200},
  biburl    = {https://dblp.org/rec/bib/journals/corr/MorrisKKM16},
  bibsource = {dblp computer science bibliography, https://dblp.org}
}

@incollection{Feragen13,
title = {Scalable kernels for graphs with continuous attributes},
author = {Feragen, Aasa and Kasenburg, Niklas and Petersen, Jens and de Bruijne, Marleen and Borgwardt, Karsten},
booktitle = {Advances in Neural Information Processing Systems 26},
editor = {C. J. C. Burges and L. Bottou and M. Welling and Z. Ghahramani and K. Q. Weinberger},
pages = {216--224},
year = {2013},
publisher = {Curran Associates, Inc.},
url = {http://papers.nips.cc/paper/5155-scalable-kernels-for-graphs-with-continuous-attributes.pdf}
}

@inproceedings{Orsini2015,
 author = {Orsini, Francesco and Frasconi, Paolo and De Raedt, Luc},
 title = {Graph Invariant Kernels},
 booktitle = {Proceedings of the 24th International Conference on Artificial Intelligence},
 series = {IJCAI'15},
 year = {2015},
 isbn = {978-1-57735-738-4},
 location = {Buenos Aires, Argentina},
 pages = {3756--3762},
 numpages = {7},
 url = {http://dl.acm.org/citation.cfm?id=2832747.2832773},
 acmid = {2832773},
 publisher = {AAAI Press},
}

@misc{PythonHype,
  author = {Stephen Cass},
  title = {Top 10 Programming Languages for 2017},
  howpublished = {\url{https://spectrum.ieee.org/computing/software/the-2017-top-programming-languages}},
  note = {Accessed: 2018-07-07}
}


@misc{PythonEcosystem,
  title = {The Python Ecosystem for 2017},
  howpublished = {\url{http://www.developintelligence.com/blog/python-ecosystem-2017/}},
  note = {Accessed: 2018-07-07}
}

@article{scikit,
  title={{Scikit-learn: Machine Learning in Python}},
  author={Pedregosa, Fabian and Varoquaux, Ga{\"e}l and Gramfort, Alexandre and Michel, Vincent and Thirion, Bertrand and Grisel, Olivier and Blondel, Mathieu and Prettenhofer, Peter and Weiss, Ron and Dubourg, Vincent and others},
  journal={Journal of Machine Learning Research},
  volume={12},
  number={Oct},
  pages={2825--2830},
  year={2011}
}

@misc{KKMMN2016,
  title  = {Benchmark Data Sets for Graph Kernels},
  author = {Kristian Kersting and Nils M. Kriege and Christopher Morris and Petra Mutzel and Marion Neumann},
  year   = {2016},
  url    = {http://graphkernels.cs.tu-dortmund.de}
}

@inproceedings{DGK_PINAR,
 author = {Yanardag, Pinar and Vishwanathan, S.V.N.},
 title = {Deep Graph Kernels},
 booktitle = {Proceedings of the 21th ACM SIGKDD International Conference on Knowledge Discovery and Data Mining},
 series = {KDD '15},
 year = {2015},
 isbn = {978-1-4503-3664-2},
 location = {Sydney, NSW, Australia},
 pages = {1365--1374},
 numpages = {10},
 url = {http://doi.acm.org/10.1145/2783258.2783417},
 doi = {10.1145/2783258.2783417},
 acmid = {2783417},
 publisher = {ACM},
 address = {New York, NY, USA},
 keywords = {bioinformatics, collaboration networks, deep learning, graph kernels, r-convolution kernels, social networks, string kernels, structured data},
} 

@article{DobsonDoig03,
title = "Distinguishing Enzyme Structures from Non-enzymes Without Alignments",
journal = "Journal of Molecular Biology",
volume = "330",
number = "4",
pages = "771 - 783",
year = "2003",
issn = "0022-2836",
doi = "https://doi.org/10.1016/S0022-2836(03)00628-4",
url = "http://www.sciencedirect.com/science/article/pii/S0022283603006284",
author = "Paul D. Dobson and Andrew J. Doig",
keywords = "protein function prediction, structure, enzyme, machine learning, structural genomics"
}

@Article{Wale2008,
author="Wale, Nikil
and Watson, Ian A.
and Karypis, George",
title="Comparison of descriptor spaces for chemical compound retrieval and classification",
journal="Knowledge and Information Systems",
year="2008",
month="03",
day="01",
volume="14",
number="3",
pages="347--375",
issn="0219-3116",
doi="10.1007/s10115-007-0103-5",
url="https://doi.org/10.1007/s10115-007-0103-5"
}

@article{Toivonen2003,
author = {Toivonen, Hannu and Srinivasan, Ashwin and King, Ross D. and Kramer, Stefan and Helma, Christoph},
title = {Statistical evaluation of the Predictive Toxicology
Challenge 2000–2001},
journal = {Bioinformatics},
volume = {19},
number = {10},
pages = {1183-1193},
year = {2003},
doi = {10.1093/bioinformatics/btg130},
URL = {http://dx.doi.org/10.1093/bioinformatics/btg130},
eprint = {/oup/backfile/content_public/journal/bioinformatics/19/10/10.1093/bioinformatics/btg130/2/btg130.pdf}
}

@InProceedings{Riesen08,
author="Riesen, Kaspar
and Bunke, Horst",
editor="da Vitoria Lobo, Niels
and Kasparis, Takis
and Roli, Fabio
and Kwok, James T.
and Georgiopoulos, Michael
and Anagnostopoulos, Georgios C.
and Loog, Marco",
title="IAM Graph Database Repository for Graph Based Pattern Recognition and Machine Learning",
booktitle="Structural, Syntactic, and Statistical Pattern Recognition",
year="2008",
publisher="Springer Berlin Heidelberg",
address="Berlin, Heidelberg",
pages="287--297",
isbn="978-3-540-89689-0"
}

@MISC{Haussler99ck,
    author = {David Haussler},
    title = { Convolution Kernels on Discrete Structures},
    year = {1999}
}

@InProceedings{MA_ECML_2006,
author="Moschitti, Alessandro",
editor="F{\"u}rnkranz, Johannes
and Scheffer, Tobias
and Spiliopoulou, Myra",
title="Efficient Convolution Kernels for Dependency and Constituent Syntactic Trees",
booktitle="Machine Learning: ECML 2006",
year="2006",
publisher="Springer Berlin Heidelberg",
address="Berlin, Heidelberg",
pages="318--329",
isbn="978-3-540-46056-5"
}

@inproceedings{Vishwanathan2002,
 author = {Vishwanathan, S. V. N. and Smola, Alexander J.},
 title = {Fast Kernels for String and Tree Matching},
 booktitle = {Proceedings of the 15th International Conference on Neural Information Processing Systems},
 series = {NIPS'02},
 year = {2002},
 pages = {585--592},
 numpages = {8},
 url = {http://dl.acm.org/citation.cfm?id=2968618.2968691},
 acmid = {2968691},
 publisher = {MIT Press},
 address = {Cambridge, MA, USA},
}

@article{gower1971general,
  title={A general coefficient of similarity and some of its properties},
  author={Gower, John C},
  journal={Biometrics},
  pages={857--871},
  year={1971}
}

@inproceedings{feragen2013scalable,
  title={Scalable kernels for graphs with continuous attributes},
  author={Feragen, Aasa and Kasenburg, Niklas and Petersen, Jens and de Bruijne, Marleen and Borgwardt, Karsten},
  booktitle={Advances in Neural Information Processing Systems},
  pages={216--224},
  year={2013}
}

@article{levi1973note,
  title={A note on the derivation of maximal common subgraphs of two directed or undirected graphs},
  author={Levi, Giorgio},
  journal={Calcolo},
  volume={9},
  number={4},
  pages={341},
  year={1973}
}

@online{PEP8,
  author = {Guido van Rossum, Barry Warsaw, Nick Coghlan},
  title = {{PEP 8} Style Guide for Python Code},
  year = {2001},
  url = {https://www.python.org/dev/peps/pep-0008/#overriding-principle},
  urldate = {2001-06-05}
}

@INPROCEEDINGS{Takashima1988, 
author={M. Takashima and A. Ikeuchi and S. Kojima and T. Tanaka and T. Saitou and J. Sakata}, 
booktitle={25th ACM/IEEE, Design Automation Conference.Proceedings 1988.}, 
title={A circuit comparison system with rule-based functional isomorphism checking}, 
year={1988}, 
volume={}, 
number={}, 
pages={512-516}, 
keywords={circuit analysis computing;circuit layout CAD;large scale integration;LSI;layout verification;circuit comparison system;rule-based functional isomorphism checking;network reduction;graph isomorphism-based comparison;large networks;Circuits;Data mining;Design methodology;Software engineering;Laboratories;Microcomputers;Humans;Fabrication;Large scale integration;Central Processing Unit}, 
doi={10.1109/DAC.1988.14808}, 
ISSN={0738-100X}, 
month={06},}

@inproceedings{Gitchell1999,
 author = {Gitchell, David and Tran, Nicholas},
 title = {Sim: A Utility for Detecting Similarity in Computer Programs},
 booktitle = {The Proceedings of the Thirtieth SIGCSE Technical Symposium on Computer Science Education},
 series = {SIGCSE '99},
 year = {1999},
 isbn = {1-58113-085-6},
 location = {New Orleans, Louisiana, USA},
 pages = {266--270},
 numpages = {5},
 url = {http://doi.acm.org/10.1145/299649.299783},
 doi = {10.1145/299649.299783},
 acmid = {299783},
 publisher = {ACM},
 address = {New York, NY, USA},
} 

@Article{Wale2008,
author="Wale, Nikil
and Watson, Ian A.
and Karypis, George",
title="Comparison of descriptor spaces for chemical compound retrieval and classification",
journal="Knowledge and Information Systems",
year="2008",
month="03",
day="01",
volume="14",
number="3",
pages="347--375",
issn="0219-3116",
doi="10.1007/s10115-007-0103-5",
url="https://doi.org/10.1007/s10115-007-0103-5"
}

@inproceedings{Rousseau2015TextCA,
  title={Text Categorization as a Graph Classification Problem},
  author={François Rousseau and Emmanouil Kiagias and Michalis Vazirgiannis},
  booktitle={ACL},
  year={2015}
}

@article{Glavas2013,
author = {Glavaš, Goran and Šnajder, Jan},
year = {2013},
month = {01},
pages = {797-803},
title = {Recognizing identical events with graph kernels},
volume = {2},
booktitle = {ACL 2013 - 51st Annual Meeting of the Association for Computational Linguistics, Proceedings of the Conference}
}

@inbook{Tsivtsivadze2011,
author = {Evgeni Tsivtsivadze and Josef Urban and Herman Geuvers and Tom Heskes},
title = {Semantic Graph Kernels for Automated Reasoning},
booktitle = {Proceedings of the 2011 SIAM International Conference on Data Mining},
chapter = {},
pages = {795-803},
doi = {10.1137/1.9781611972818.68},
URL = {https://epubs.siam.org/doi/abs/10.1137/1.9781611972818.68},
eprint = {https://epubs.siam.org/doi/pdf/10.1137/1.9781611972818.68}
}

@inproceedings{Hermansson2013EntityDI,
  title={Entity disambiguation in anonymized graphs using graph kernels},
  author={Linus Hermansson and Tommi Kerola and Fredrik D. Johansson and Vinay Jethava and Devdatt P. Dubhashi},
  booktitle={CIKM},
  year={2013}
}

@INPROCEEDINGS{Wagner2009, 
author={C. Wagner and G. Wagener and R. State and T. Engel}, 
booktitle={2009 4th International Conference on Malicious and Unwanted Software (MALWARE)}, 
title={Malware analysis with graph kernels and support vector machines}, 
year={2009}, 
volume={}, 
number={}, 
pages={63-68}, 
keywords={graph theory;invasive software;support vector machines;malware analysis;graph kernels;support vector machines;SVM;host-level intrusion detection;application level monitoring;Kernel;Support vector machines;Tree graphs;Support vector machine classification;Intrusion detection;In vitro;Condition monitoring;Computer architecture;Information analysis;Software systems}, 
doi={10.1109/MALWARE.2009.5403018}, 
ISSN={}, 
month={10},}

@article{Swamidass2005,
  title={Kernels for small molecules and the prediction of mutagenicity, toxicity and anti-cancer activity},
  author={Sanjay Joshua Swamidass and Jonathan H. Chen and Jocelyne Bruand and Peter Phung and Liva Ralaivola and Pierre Baldi},
  journal={Bioinformatics},
  year={2005},
  volume={21 Suppl 1},
  pages={i359-68}
}

@Article{cgm,
title="Book Reviews",
journal="Mathematical Methods of Operations Research",
year="2001",
month="06",
day="01",
volume="53",
number="2",
pages="349--352",
issn="1432-5217",
doi="10.1007/s001860000083",
url="https://doi.org/10.1007/s001860000083"
}

@incollection{kriege_2016_otk,
title = {On Valid Optimal Assignment Kernels and Applications to Graph Classification},
author = {Kriege, Nils M. and Giscard, Pierre-Louis and Wilson, Richard},
booktitle = {Advances in Neural Information Processing Systems 29},
editor = {D. D. Lee and M. Sugiyama and U. V. Luxburg and I. Guyon and R. Garnett},
pages = {1623--1631},
year = {2016},
publisher = {Curran Associates, Inc.},
url = {http://papers.nips.cc/paper/6166-on-valid-optimal-assignment-kernels-and-applications-to-graph-classification.pdf}
}

@inproceedings{Frohlich2005,
 author = {Fr\"{o}hlich, Holger and Wegner, J\"{o}rg K. and Sieker, Florian and Zell, Andreas},
 title = {Optimal Assignment Kernels for Attributed Molecular Graphs},
 booktitle = {Proceedings of the 22Nd International Conference on Machine Learning},
 series = {ICML '05},
 year = {2005},
 isbn = {1-59593-180-5},
 location = {Bonn, Germany},
 pages = {225--232},
 numpages = {8},
 url = {http://doi.acm.org/10.1145/1102351.1102380},
 doi = {10.1145/1102351.1102380},
 acmid = {1102380},
 publisher = {ACM},
 address = {New York, NY, USA},
} 

@article{graphembeddings,
author={H. Cai and V. W. Zheng and K. C. Chang},
journal={IEEE Transactions on Knowledge and Data Engineering},
title={A Comprehensive Survey of Graph Embedding: Problems, Techniques, and Applications},
year={2018},
volume={30},
number={9},
pages={1616-1637},
keywords={data analysis;graph theory;learning (artificial intelligence);graph structural information;graph analytics problem;graph data;graph embedding problem settings;data representation;node classification;node recommendation;link prediction;high computation;space cost;graph properties;formal definition;Taxonomy;Task analysis;Electronic mail;Social network services;Toy manufacturing industry;Two dimensional displays;Machine learning;Graph embedding;graph analytics;graph embedding survey;network embedding},
doi={10.1109/TKDE.2018.2807452},
ISSN={1041-4347},
month={09},}
